@inproceedings{apriori,
 author = {Agrawal, Rakesh and Srikant, Ramakrishnan},
 title = {Fast Algorithms for Mining Association Rules in Large Databases},
 booktitle = {Proceedings of the 20th International Conference on Very Large Data Bases},
 series = {VLDB '94},
 year = {1994},
 isbn = {1-55860-153-8},
 pages = {487--499},
 numpages = {13},
 URL = {http://dl.acm.org/citation.cfm?id=645920.672836},
 acmid = {672836},
 publisher = {Morgan Kaufmann Publishers Inc.},
 address = {San Francisco, CA, USA},
} 
@article{fp_growth,
year={2004},
issn={1384-5810},
journal={Data Mining and Knowledge Discovery},
volume={8},
number={1},
doi={10.1023/B:DAMI.0000005258.31418.83},
title={Mining Frequent Patterns without Candidate Generation: A Frequent-Pattern Tree Approach},
URL={http://dx.doi.org/10.1023/B%3ADAMI.0000005258.31418.83},
publisher={Kluwer Academic Publishers},
keywords={frequent pattern mining; association mining; algorithm; performance improvements; data structure},
author={Han, Jiawei and Pei, Jian and Yin, Yiwen and Mao, Runying},
pages={53-87},
language={English}
}
@incollection{ass_01,
 author = {Fayyad, Usama M. and Piatetsky-Shapiro, Gregory and Smyth, Padhraic},
 chapter = {From Data Mining to Knowledge Discovery: An Overview},
 title = {Advances in Knowledge Discovery and Data Mining},
 editor = {Fayyad, Usama M. and Piatetsky-Shapiro, Gregory and Smyth, Padhraic and Uthurusamy, Ramasamy},
 year = {1996},
 isbn = {0-262-56097-6},
 pages = {1--34},
 numpages = {34},
 URL = {http://dl.acm.org/citation.cfm?id=257938.257942},
 acmid = {257942},
 publisher = {American Association for Artificial Intelligence},
 address = {Menlo Park, CA, USA},
} 
@incollection{gsp,
year={1996},
isbn={978-3-540-61057-1},
booktitle={Advances in Database Technology â€” EDBT '96},
volume={1057},
series={Lecture Notes in Computer Science},
editor={Apers, Peter and Bouzeghoub, Mokrane and Gardarin, Georges},
doi={10.1007/BFb0014140},
title={Mining sequential patterns: Generalizations and performance improvements},
URL={http://dx.doi.org/10.1007/BFb0014140},
publisher={Springer Berlin Heidelberg},
author={Srikant, Ramakrishnan and Agrawal, Rakesh},
pages={1-17},
language={English}
}
@ARTICLE{prefix_span, 
author={Jian Pei and Jiawei Han and Mortazavi-Asl, B. and Jianyong Wang and Pinto, H. and Qiming Chen and Dayal, U. and Mei-Chun Hsu}, 
journal={Knowledge and Data Engineering, IEEE Transactions on}, 
title={Mining sequential patterns by pattern-growth: the PrefixSpan approach}, 
year={2004}, 
volume={16}, 
number={11}, 
pages={1424-1440}, 
keywords={data mining;performance evaluation;very large databases;FreeSpan;data mining problem;pattern-growth approach;performance analysis;prefixspan approach;projected databases;pseudoprojection technique;sequence database;sequential pattern mining;transaction database;user-specified constraint;vertical data format;Application software;Association rules;Computer Society;Data mining;Explosives;Pattern analysis;Sequences;Sequential analysis;Time factors;Transaction databases;65;Index Terms- Data mining algorithm;frequent pattern;performance analysis.;scalability;sequence database;sequential pattern;transaction database}, 
doi={10.1109/TKDE.2004.77}, 
ISSN={1041-4347}, 
month={Nov},
}
@INPROCEEDINGS{ds_tree, 
author={Leung, C.K.-S. and Khan, Q.I.}, 
booktitle={Data Mining, 2006. ICDM '06. Sixth International Conference on}, 
title={DSTree: A Tree Structure for the Mining of Frequent Sets from Data Streams}, 
year={2006}, 
pages={928-932}, 
keywords={data mining;tree data structures;DSTree;constrained itemsets;data stream tree;data streams;frequent itemsets;frequent sets mining;tree structure;Area measurement;Automation;Data mining;Data structures;Fires;Floods;Frequency;Hoses;Itemsets;Tree data structures}, 
doi={10.1109/ICDM.2006.62}, 
ISSN={1550-4786}, 
month={Dec},
}
@incollection{rps_tree,
year={2010},
isbn={978-3-642-12025-1},
booktitle={Database Systems for Advanced Applications},
volume={5981},
series={Lecture Notes in Computer Science},
editor={Kitagawa, Hiroyuki and Ishikawa, Yoshiharu and Li, Qing and Watanabe, Chiemi},
doi={10.1007/978-3-642-12026-8_31},
title={Mining Regular Patterns in Data Streams},
URL={http://dx.doi.org/10.1007/978-3-642-12026-8_31},
publisher={Springer Berlin Heidelberg},
keywords={Data mining; data stream; pattern mining; regular pattern; sliding window},
author={Tanbeer, Syed Khairuzzaman and Ahmed, ChowdhuryFarhan and Jeong, Byeong-Soo},
pages={399-413},
language={English}
}
@ARTICLE{hup_mining, 
author={Ahmed, C.F. and Tanbeer, S.K. and Byeong-Soo Jeong and Young-Koo Lee}, 
journal={Knowledge and Data Engineering, IEEE Transactions on}, 
title={Efficient Tree Structures for High Utility Pattern Mining in Incremental Databases}, 
year={2009}, 
volume={21}, 
number={12}, 
pages={1708-1721}, 
keywords={data mining;tree data structures;data mining;data structures;high utility pattern mining;incremental HUP lexicographic tree;incremental databases;tree structures;Data mining;frequent pattern mining;high utility pattern mining;incremental mining;interactive mining.}, 
doi={10.1109/TKDE.2009.46}, 
ISSN={1041-4347}, 
month={Dec},
}
@INPROCEEDINGS{g_span, 
author={Yan, X. and Jiawei Han}, 
booktitle={Data Mining, 2002. ICDM 2003. Proceedings. 2002 IEEE International Conference on}, 
title={gSpan: graph-based substructure pattern mining}, 
year={2002}, 
pages={721-724}, 
keywords={data mining;tree searching;algorithm;canonical label;depth-first search strategy;frequent connected subgraph mining;frequent graph-based pattern mining;frequent substructure discovery;gSpan;graph datasets;graph-based substructure pattern mining;lexicographic order;performance study;unique minimum DFS code;Chemical compounds;Computer science;Costs;Data mining;Data structures;Graphics;Itemsets;Kernel;Testing;Tree graphs}, 
doi={10.1109/ICDM.2002.1184038}, 
month={},
}@inproceedings{close_1,
 author = {Gade, Krishna and Wang, Jianyong and Karypis, George},
 title = {Efficient Closed Pattern Mining in the Presence of Tough Block Constraints},
 booktitle = {Proceedings of the Tenth ACM SIGKDD International Conference on Knowledge Discovery and Data Mining},
 series = {KDD '04},
 year = {2004},
 isbn = {1-58113-888-1},
 location = {Seattle, WA, USA},
 pages = {138--147},
 numpages = {10},
 URL = {http://doi.acm.org/10.1145/1014052.1014070},
 doi = {10.1145/1014052.1014070},
 acmid = {1014070},
 publisher = {ACM},
 address = {New York, NY, USA},
 keywords = {block constraint, closed pattern, tough constraint},
} 
@inproceedings{closet,
  title={CLOSET: An Efficient Algorithm for Mining Frequent Closed Itemsets.},
  author={Pei, Jian and Han, Jiawei and Mao, Runying and others},
  booktitle={ACM SIGMOD workshop on research issues in data mining and knowledge discovery},
  volume={4},
  number={2},
  pages={21--30},
  year={2000}
}
@inproceedings{closet_plus,
 author = {Wang, Jianyong and Han, Jiawei and Pei, Jian},
 title = {CLOSET+: Searching for the Best Strategies for Mining Frequent Closed Itemsets},
 booktitle = {Proceedings of the Ninth ACM SIGKDD International Conference on Knowledge Discovery and Data Mining},
 series = {KDD '03},
 year = {2003},
 isbn = {1-58113-737-0},
 location = {Washington, D.C.},
 pages = {236--245},
 numpages = {10},
 URL = {http://doi.acm.org/10.1145/956750.956779},
 doi = {10.1145/956750.956779},
 acmid = {956779},
 publisher = {ACM},
 address = {New York, NY, USA},
 keywords = {association rules, frequent closed itemsets, mining methods and algorithms},
} 
@ARTICLE{tpf, 
author={Jianyong Wang and Jiawei Han and Ying Lu and Tzvetkov, P.}, 
journal={Knowledge and Data Engineering, IEEE Transactions on}, 
title={TFP: an efficient algorithm for mining top-k frequent closed itemsets}, 
year={2005}, 
volume={17}, 
number={5}, 
pages={652-663}, 
keywords={data mining;tree data structures;tree searching;FP-Tree traversing strategy;TFP algorithm;closed itemset verification scheme;hash-indexed result tree;search space pruning method;top-k frequent closed itemset mining;Association rules;Data mining;Data structures;Explosions;Itemsets;Scalability;Transaction databases;Index Terms- Data mining;association rules;frequent itemset;mining methods and algorithms.}, 
doi={10.1109/TKDE.2005.81}, 
ISSN={1041-4347}, 
month={May},
}
@article{close_2,
title = "Mining lossless closed frequent patterns with weight constraints ",
journal = "Knowledge-Based Systems ",
volume = "20",
number = "1",
pages = "86 - 97",
year = "2007",
note = "",
issn = "0950-7051",
doi = "http://dx.doi.org/10.1016/j.knosys.2006.07.007",
URL = "http://www.sciencedirect.com/science/article/pii/S0950705106001262",
author = "Unil Yun",
keywords = "Knowledge extraction",
keywords = "Data mining",
keywords = "Weighted frequent pattern mining",
keywords = "Closed pattern mining "
}
@INPROCEEDINGS{charm,
    author = {Mohammed J. Zaki and Ching-jui Hsiao},
    title = {CHARM: An efficient algorithm for closed itemset mining},
    booktitle = {},
    year = {2002},
    pages = {457--473},
    publisher = {}
}
@article{ass_02,
 author = {Agrawal, Rakesh and Imieli\'{n}ski, Tomasz and Swami, Arun},
 title = {Mining Association Rules Between Sets of Items in Large Databases},
 journal = {SIGMOD Rec.},
 issue_date = {June 1, 1993},
 volume = {22},
 number = {2},
 month = jun,
 year = {1993},
 issn = {0163-5808},
 pages = {207--216},
 numpages = {10},
 URL = {http://doi.acm.org/10.1145/170036.170072},
 doi = {10.1145/170036.170072},
 acmid = {170072},
 publisher = {ACM},
 address = {New York, NY, USA},
} 
@inproceedings{ass_03,
 author = {Agrawal, Rakesh and Imieli\'{n}ski, Tomasz and Swami, Arun},
 title = {Mining Association Rules Between Sets of Items in Large Databases},
 booktitle = {Proceedings of the 1993 ACM SIGMOD International Conference on Management of Data},
 series = {SIGMOD '93},
 year = {1993},
 isbn = {0-89791-592-5},
 location = {Washington, D.C., USA},
 pages = {207--216},
 numpages = {10},
 URL = {http://doi.acm.org/10.1145/170035.170072},
 doi = {10.1145/170035.170072},
 acmid = {170072},
 publisher = {ACM},
 address = {New York, NY, USA},
} 
@article{ass_04,
title = "Algorithms for mining association rules in bag databases ",
journal = "Information Sciences ",
volume = "166",
number = "1â€“4",
pages = "31 - 47",
year = "2004",
note = "",
issn = "0020-0255",
doi = "http://dx.doi.org/10.1016/j.ins.2003.05.013",
URL = "http://www.sciencedirect.com/science/article/pii/S0020025503004079",
author = "Ping-Yu Hsu and Yen-Liang Chen and Chun-Ching Ling",
keywords = "Data mining",
keywords = "Association rule",
keywords = "Fuzzy set "
}
@article{ass_05,
title = "Looking into the seeds of time: Discovering temporal patterns in large transaction sets ",
journal = "Information Sciences ",
volume = "176",
number = "8",
pages = "1003 - 1031",
year = "2006",
note = "",
issn = "0020-0255",
doi = "http://dx.doi.org/10.1016/j.ins.2005.01.019",
URL = "http://www.sciencedirect.com/science/article/pii/S0020025505000563",
author = "Yingjiu Li and Sencun Zhu and X. Sean Wang and Sushil Jajodia",
keywords = "Knowledge discovery",
keywords = "Temporal data mining",
keywords = "Temporal pattern "
}
@article{ass_06,
title = "Mining association rules with multiple minimum supports: a new mining algorithm and a support tuning mechanism ",
journal = "Decision Support Systems ",
volume = "42",
number = "1",
pages = "1 - 24",
year = "2006",
note = "",
issn = "0167-9236",
doi = "http://dx.doi.org/10.1016/j.dss.2004.09.007",
URL = "http://www.sciencedirect.com/science/article/pii/S0167923604002052",
author = "Ya-Han Hu and Yen-Liang Chen",
keywords = "Data mining",
keywords = "Association rules",
keywords = "Minimum supports",
keywords = "FP-tree "
}
@article{ass_07,
title = "Flexible online association rule mining based on multidimensional pattern relations ",
journal = "Information Sciences ",
volume = "176",
number = "12",
pages = "1752 - 1780",
year = "2006",
note = "",
issn = "0020-0255",
doi = "http://dx.doi.org/10.1016/j.ins.2005.05.005",
URL = "http://www.sciencedirect.com/science/article/pii/S0020025505001635",
author = "Ching-Yao Wang and Shian-Shyong Tseng and Tzung-Pei Hong",
keywords = "Data mining",
keywords = "Association rule",
keywords = "Incremental mining",
keywords = "Multidimensional mining",
keywords = "Constraint-based mining",
keywords = "Data warehouse "
}
@INPROCEEDINGS{sqn_01,
    author = {Junqiang Liu and Yunhe Pan and Ke Wang and Jiawei Han},
    title = {Mining Frequent Item Sets by Opportunistic Projection},
    booktitle = {In Proc. 2002 Int. Conf. on Knowledge Discovery in Databases (KDDâ€™02},
    year = {2002},
    pages = {229--238},
    publisher = {ACM Press}
}
@article{sqn_02,
title = "A new framework for detecting weighted sequential patterns in large sequence databases ",
journal = "Knowledge-Based Systems ",
volume = "21",
number = "2",
pages = "110 - 122",
year = "2008",
note = "",
issn = "0950-7051",
doi = "http://dx.doi.org/10.1016/j.knosys.2007.04.002",
URL = "http://www.sciencedirect.com/science/article/pii/S095070510700041X",
author = "Unil Yun",
keywords = "Data mining",
keywords = "Knowledge discovery",
keywords = "Weighted sequential pattern mining",
keywords = "Weighted support",
keywords = "Minimum weight "
}
@incollection{const_01,
year={2005},
isbn={978-3-540-26076-9},
booktitle={Advances in Knowledge Discovery and Data Mining},
volume={3518},
series={Lecture Notes in Computer Science},
editor={Ho, TuBao and Cheung, David and Liu, Huan},
doi={10.1007/11430919_15},
title={Pushing Tougher Constraints in Frequent Pattern Mining},
URL={http://dx.doi.org/10.1007/11430919_15},
publisher={Springer Berlin Heidelberg},
author={Bonchi, Francesco and Lucchese, Claudio},
pages={114-124},
language={English}
}
@inproceedings{const_02,
 author = {Bucila, Cristian and Gehrke, Johannes and Kifer, Daniel and White, Walker},
 title = {DualMiner: A Dual-pruning Algorithm for Itemsets with Constraints},
 booktitle = {Proceedings of the Eighth ACM SIGKDD International Conference on Knowledge Discovery and Data Mining},
 series = {KDD '02},
 year = {2002},
 isbn = {1-58113-567-X},
 location = {Edmonton, Alberta, Canada},
 pages = {42--51},
 numpages = {10},
 URL = {http://doi.acm.org/10.1145/775047.775054},
 doi = {10.1145/775047.775054},
 acmid = {775054},
 publisher = {ACM},
 address = {New York, NY, USA},
} 
@inproceedings{u_priori,
 author = {Zhao, Zhou and Yan, Da and Ng, Wilfred},
 title = {Mining Probabilistically Frequent Sequential Patterns in Uncertain Databases},
 booktitle = {Proceedings of the 15th International Conference on Extending Database Technology},
 series = {EDBT '12},
 year = {2012},
 isbn = {978-1-4503-0790-1},
 location = {Berlin, Germany},
 pages = {74--85},
 numpages = {12},
 URL = {http://doi.acm.org/10.1145/2247596.2247606},
 doi = {10.1145/2247596.2247606},
 acmid = {2247606},
 publisher = {ACM},
 address = {New York, NY, USA},
} 
@inproceedings{uf_growth,
 author = {Gade, Krishna and Wang, Jianyong and Karypis, George},
 title = {Efficient Closed Pattern Mining in the Presence of Tough Block Constraints},
 booktitle = {Proceedings of the Tenth ACM SIGKDD International Conference on Knowledge Discovery and Data Mining},
 series = {KDD '04},
 year = {2004},
 isbn = {1-58113-888-1},
 location = {Seattle, WA, USA},
 pages = {138--147},
 numpages = {10},
 URL = {http://doi.acm.org/10.1145/1014052.1014070},
 doi = {10.1145/1014052.1014070},
 acmid = {1014070},
 publisher = {ACM},
 address = {New York, NY, USA},
 keywords = {block constraint, closed pattern, tough constraint},
} 
@inproceedings{ufp_growth,
 author = {Aggarwal, Charu C. and Li, Yan and Wang, Jianyong and Wang, Jing},
 title = {Frequent Pattern Mining with Uncertain Data},
 booktitle = {Proceedings of the 15th ACM SIGKDD International Conference on Knowledge Discovery and Data Mining},
 series = {KDD '09},
 year = {2009},
 isbn = {978-1-60558-495-9},
 location = {Paris, France},
 pages = {29--38},
 numpages = {10},
 URL = {http://doi.acm.org/10.1145/1557019.1557030},
 doi = {10.1145/1557019.1557030},
 acmid = {1557030},
 publisher = {ACM},
 address = {New York, NY, USA},
 keywords = {uncertain data},
} 
@incollection{cuf_growth,
year={2012},
isbn={978-3-642-29037-4},
booktitle={Database Systems for Advanced Applications},
volume={7238},
series={Lecture Notes in Computer Science},
editor={Lee, Sang-goo and Peng, Zhiyong and Zhou, Xiaofang and Moon, Yang-Sae and Unland, Rainer and Yoo, Jaesoo},
doi={10.1007/978-3-642-29038-1_21},
title={Fast Tree-Based Mining of Frequent Itemsets from Uncertain Data},
URL={http://dx.doi.org/10.1007/978-3-642-29038-1_21},
publisher={Springer Berlin Heidelberg},
keywords={Data mining; tree-based mining; frequent patterns; probabilistic databases; uncertain data},
author={Leung, Carson Kai-Sang and Tanbeer, SyedK.},
pages={272-287},
language={English}
}
@incollection{puf_growth,
year={2013},
isbn={978-3-642-37452-4},
booktitle={Advances in Knowledge Discovery and Data Mining},
volume={7818},
series={Lecture Notes in Computer Science},
editor={Pei, Jian and Tseng, Vincent S. and Cao, Longbing and Motoda, Hiroshi and Xu, Guandong},
doi={10.1007/978-3-642-37453-1_2},
title={PUF-Tree: A Compact Tree Structure for Frequent Pattern Mining of Uncertain Data},
URL={http://dx.doi.org/10.1007/978-3-642-37453-1_2},
publisher={Springer Berlin Heidelberg},
author={Leung, Carson Kai-Sang and Tanbeer, Syed Khairuzzaman},
pages={13-25},
language={English}
}
@inproceedings{uh_mining,
 author = {Aggarwal, Charu C. and Li, Yan and Wang, Jianyong and Wang, Jing},
 title = {Frequent Pattern Mining with Uncertain Data},
 booktitle = {Proceedings of the 15th ACM SIGKDD International Conference on Knowledge Discovery and Data Mining},
 series = {KDD '09},
 year = {2009},
 isbn = {978-1-60558-495-9},
 location = {Paris, France},
 pages = {29--38},
 numpages = {10},
 URL = {http://doi.acm.org/10.1145/1557019.1557030},
 doi = {10.1145/1557019.1557030},
 acmid = {1557030},
 publisher = {ACM},
 address = {New York, NY, USA},
 keywords = {uncertain data},
} 

@misc{dataset,
  author = {FIMI},
  title = {{Frequent itemset mining dataset repository}},
  howpublished = "\url{http://fimi.ua.ac.be/data/}",
  year = {2015}, 
  note = "[Online; accessed 01-Decembar-2015]"
}

@INPROCEEDINGS{suf_growth, 
author={Leung, C.K.-S. and Boyu Hao}, 
booktitle={Data Engineering, 2009. ICDE '09. IEEE 25th International Conference on}, 
title={Mining of Frequent Itemsets from Streams of Uncertain Data}, 
year={2009}, 
pages={1663-1670}, 
keywords={data mining;probability;tree data structures;database transaction;frequent itemset mining;probability;tree-based mining algorithm;uncertain data stream mining;Application software;Computer science;Data engineering;Data mining;Fires;Floods;Itemsets;Test pattern generators;Testing;Transaction databases;Mining streams of uncertain data;association rule mining;frequent pattern mining}, 
doi={10.1109/ICDE.2009.157}, 
ISSN={1084-4627}, 
month={March},
}
@article{stream_01,
 author = {Cormode, Graham and Hadjieleftheriou, Marios},
 title = {Finding Frequent Items in Data Streams},
 journal = {Proc. VLDB Endow.},
 issue_date = {August 2008},
 volume = {1},
 number = {2},
 month = aug,
 year = {2008},
 issn = {2150-8097},
 pages = {1530--1541},
 numpages = {12},
 url = {http://dx.doi.org/10.14778/1454159.1454225},
 doi = {10.14778/1454159.1454225},
 acmid = {1454225},
 publisher = {VLDB Endowment},
} 
@article{stream_02,
 author = {Gaber, Mohamed Medhat and Zaslavsky, Arkady and Krishnaswamy, Shonali},
 title = {Mining Data Streams: A Review},
 journal = {SIGMOD Rec.},
 issue_date = {June 2005},
 volume = {34},
 number = {2},
 month = jun,
 year = {2005},
 issn = {0163-5808},
 pages = {18--26},
 numpages = {9},
 url = {http://doi.acm.org/10.1145/1083784.1083789},
 doi = {10.1145/1083784.1083789},
 acmid = {1083789},
 publisher = {ACM},
 address = {New York, NY, USA},
} 
@inproceedings{stream_03,
 author = {Guo, Jing and Zhang, Peng and Tan, Jianlong and Guo, Li},
 title = {Mining Frequent Patterns Across Multiple Data Streams},
 booktitle = {Proceedings of the 20th ACM International Conference on Information and Knowledge Management},
 series = {CIKM '11},
 year = {2011},
 isbn = {978-1-4503-0717-8},
 location = {Glasgow, Scotland, UK},
 pages = {2325--2328},
 numpages = {4},
 url = {http://doi.acm.org/10.1145/2063576.2063957},
 doi = {10.1145/2063576.2063957},
 acmid = {2063957},
 publisher = {ACM},
 address = {New York, NY, USA},
 keywords = {data stream mining, frequent pattern mining, multiple data streams},
} 
@article{stream_04,
year={2006},
issn={1384-5810},
journal={Data Mining and Knowledge Discovery},
volume={13},
number={2},
doi={10.1007/s10618-006-0042-x},
title={Mining top-K frequent itemsets from data streams},
url={http://dx.doi.org/10.1007/s10618-006-0042-x},
publisher={Springer US},
keywords={Data mining algorithm; Data stream; Top K frequent itemset mining; Sliding window; Chernoff bound; Probabilistic algorithm},
author={Wong, RaymondChi-Wing and Fu, AdaWai-Chee},
pages={193-217},
language={English}
}
@article{stream_05,
 author = {Tanbeer, Syed Khairuzzaman and Ahmed, Chowdhury Farhan and Jeong, Byeong-Soo and Lee, Young-Koo},
 title = {Sliding Window-based Frequent Pattern Mining over Data Streams},
 journal = {Inf. Sci.},
 issue_date = {November, 2009},
 volume = {179},
 number = {22},
 month = nov,
 year = {2009},
 issn = {0020-0255},
 pages = {3843--3865},
 numpages = {23},
 url = {http://dx.doi.org/10.1016/j.ins.2009.07.012},
 doi = {10.1016/j.ins.2009.07.012},
 acmid = {1609401},
 publisher = {Elsevier Science Inc.},
 address = {New York, NY, USA},
 keywords = {Data stream, Frequent pattern, Sliding window, Tree restructuring},
} 
@incollection{uncertain_01,
year={2008},
isbn={978-3-540-68124-3},
booktitle={Advances in Knowledge Discovery and Data Mining},
volume={5012},
series={Lecture Notes in Computer Science},
editor={Washio, Takashi and Suzuki, Einoshin and Ting, KaiMing and Inokuchi, Akihiro},
doi={10.1007/978-3-540-68125-0_8},
title={A Decremental Approach for Mining Frequent Itemsets from Uncertain Data},
url={http://dx.doi.org/10.1007/978-3-540-68125-0_8},
publisher={Springer Berlin Heidelberg},
author={Chui, Chun-Kit and Kao, Ben},
pages={64-75},
language={English}
}
@incollection{uncertain_02,
year={2007},
isbn={978-3-540-71700-3},
booktitle={Advances in Knowledge Discovery and Data Mining},
volume={4426},
series={Lecture Notes in Computer Science},
editor={Zhou, Zhi-Hua and Li, Hang and Yang, Qiang},
doi={10.1007/978-3-540-71701-0_8},
title={Mining Frequent Itemsets from Uncertain Data},
url={http://dx.doi.org/10.1007/978-3-540-71701-0_8},
publisher={Springer Berlin Heidelberg},
author={Chui, Chun-Kit and Kao, Ben and Hung, Edward},
pages={47-58},
language={English}
}
@incollection{uncertain_03,
year={2005},
isbn={978-3-540-28127-6},
booktitle={Advances in Spatial and Temporal Databases},
volume={3633},
series={Lecture Notes in Computer Science},
editor={Bauzer Medeiros, Claudia and Egenhofer, MaxJ. and Bertino, Elisa},
doi={10.1007/11535331_23},
title={Probabilistic Spatial Queries on Existentially Uncertain Data},
url={http://dx.doi.org/10.1007/11535331_23},
publisher={Springer Berlin Heidelberg},
author={Dai, Xiangyuan and Yiu, ManLung and Mamoulis, Nikos and Tao, Yufei and Vaitis, Michail},
pages={400-417},
language={English}
}
@inproceedings{uncertain_04,
 author = {Zhang, Qin and Li, Feifei and Yi, Ke},
 title = {Finding Frequent Items in Probabilistic Data},
 booktitle = {Proceedings of the 2008 ACM SIGMOD International Conference on Management of Data},
 series = {SIGMOD '08},
 year = {2008},
 isbn = {978-1-60558-102-6},
 location = {Vancouver, Canada},
 pages = {819--832},
 numpages = {14},
 url = {http://doi.acm.org/10.1145/1376616.1376698},
 doi = {10.1145/1376616.1376698},
 acmid = {1376698},
 publisher = {ACM},
 address = {New York, NY, USA},
 keywords = {heavy hitters, probabilistic data, uncertain databases, x-relation model},
} 
@incollection{uncertain_05,
year={2008},
isbn={978-3-540-68124-3},
booktitle={Advances in Knowledge Discovery and Data Mining},
volume={5012},
series={Lecture Notes in Computer Science},
editor={Washio, Takashi and Suzuki, Einoshin and Ting, KaiMing and Inokuchi, Akihiro},
doi={10.1007/978-3-540-68125-0_61},
title={A Tree-Based Approach for Frequent Pattern Mining from Uncertain Data},
url={http://dx.doi.org/10.1007/978-3-540-68125-0_61},
publisher={Springer Berlin Heidelberg},
author={Leung, Carson Kai-Sang and Mateo, MarkAnthonyF. and Brajczuk, DaleA.},
pages={653-661},
language={English}
}
@article{uncertain_06,
 author = {Lin, Chun-Wei and Hong, Tzung-Pei},
 title = {A New Mining Approach for Uncertain Databases Using CUFP Trees},
 journal = {Expert Syst. Appl.},
 issue_date = {March, 2012},
 volume = {39},
 number = {4},
 month = mar,
 year = {2012},
 issn = {0957-4174},
 pages = {4084--4093},
 numpages = {10},
 url = {http://dx.doi.org/10.1016/j.eswa.2011.09.087},
 doi = {10.1016/j.eswa.2011.09.087},
 acmid = {2076904},
 publisher = {Pergamon Press, Inc.},
 address = {Tarrytown, NY, USA},
 keywords = {CUFP tree, Data mining, Existential probability, FP tree, Uncertain database},
} 

@misc{facebook,
  author = {Facebook},
  title = {{http://www.facebook.com}},
  howpublished = "\url{http://www.facebook.com}",
  year = {2015}, 
  note = "[Online; accessed 01-November-2015]"
}

@misc{twitter,
  author = {Twitter},
  title = {{http://www.twitter.com}},
  howpublished = "\url{http://www.twitter.com}",
  year = {2015}, 
  note = "[Online; accessed 01-November-2015]"
}
@misc{google,
  author = {Google},
  title = {{http://www.google.com}},
  howpublished = "\url{http://www.google.com}",
  year = {2015}, 
  note = "[Online; accessed 30-November-2015]"
}





















@INPROCEEDINGS{extra_01, 
author={Leung, C.K.-S. and Boyu Hao and Fan Jiang}, 
booktitle={Data Engineering Workshops (ICDEW), 2010 IEEE 26th International Conference on}, 
title={Constrained frequent itemset mining from uncertain data streams}, 
year={2010}, 
pages={120-127}, 
keywords={constraint handling;data mining;association rule;building block;constrained frequent itemset mining;frequent sequence;tree-based algorithm;uncertain data mining;uncertain data streams;user-specified constraint;Application software;Association rules;Computer science;Data analysis;Data mining;Diseases;Influenza;Itemsets;Testing;Transaction databases}, 
doi={10.1109/ICDEW.2010.5452736}, 
month={March},}

@INPROCEEDINGS{extra_02, 
author={MacKinnon, R.K. and Strauss, T.D. and Leung, C.K.-S.}, 
booktitle={Data Mining Workshop (ICDMW), 2014 IEEE International Conference on}, 
title={DISC: Efficient Uncertain Frequent Pattern Mining with Tightened Upper Bounds}, 
year={2014}, 
pages={1038-1045}, 
keywords={data mining;pattern recognition;probability;tree data structures;trees (mathematics);CUF-growth algorithm;DISC;information storage;item set;probability values;space requirement;storage space;tree-based exact algorithm;uncertain data;uncertain frequent pattern mining;Algorithm design and analysis;Approximation algorithms;Clustering algorithms;Conferences;Data mining;Databases;Upper bound;Association analysis;data mining algorithms;frequent patterns;tree structures;uncertain data}, 
doi={10.1109/ICDMW.2014.129}, 
month={Dec},}

@ARTICLE{extra_03, 
author={Jianyong Wang and Jiawei Han and Ying Lu and Tzvetkov, P.}, 
journal={Knowledge and Data Engineering, IEEE Transactions on}, 
title={TFP: an efficient algorithm for mining top-k frequent closed itemsets}, 
year={2005}, 
volume={17}, 
number={5}, 
pages={652-663}, 
keywords={data mining;tree data structures;tree searching;FP-Tree traversing strategy;TFP algorithm;closed itemset verification scheme;hash-indexed result tree;search space pruning method;top-k frequent closed itemset mining;Association rules;Data mining;Data structures;Explosions;Itemsets;Scalability;Transaction databases;Index Terms- Data mining;association rules;frequent itemset;mining methods and algorithms.}, 
doi={10.1109/TKDE.2005.81}, 
ISSN={1041-4347}, 
month={May},}
@inproceedings{extra_04,
  title={Frequent pattern mining with uncertain data},
  author={Aggarwal, Charu C and Li, Yan and Wang, Jianyong and Wang, Jing},
  booktitle={Proceedings of the 15th ACM SIGKDD international conference on Knowledge discovery and data mining},
  pages={29--38},
  year={2009},
  organization={ACM}
}
@incollection{extra_05,
  title={Efficient pattern mining of uncertain data with sampling},
  author={Calders, Toon and Garboni, Calin and Goethals, Bart},
  booktitle={Advances in Knowledge Discovery and Data Mining},
  pages={480--487},
  year={2010},
  publisher={Springer}
}
@article{extra_06,
  title={Mining Regular Patterns in Transactional Databases},
  author={Syed Khairuzzaman TANBEER and Chowdhury Farhan AHMED and Byeong-Soo JEONG and Young-Koo LEE},
  journal={IEICE Transactions on Information and Systems},
  volume={E91.D},
  number={11},
  pages={2568-2577},
  year={2008},
  doi={10.1093/ietisy/e91-d.11.2568}
}
@inproceedings{extra_07,
 author = {Sakurai, Yasushi and Papadimitriou, Spiros and Faloutsos, Christos},
 title = {BRAID: Stream Mining Through Group Lag Correlations},
 booktitle = {Proceedings of the 2005 ACM SIGMOD International Conference on Management of Data},
 series = {SIGMOD '05},
 year = {2005},
 isbn = {1-59593-060-4},
 location = {Baltimore, Maryland},
 pages = {599--610},
 numpages = {12},
 url = {http://doi.acm.org/10.1145/1066157.1066226},
 doi = {10.1145/1066157.1066226},
 acmid = {1066226},
 publisher = {ACM},
 address = {New York, NY, USA},
} 
@article{extra_08,
  title={Stream Data Mining},
  author={Shekhar, Shashi and Xiong, Hui},
  journal={Encyclopedia of GIS},
  pages={1141--1141},
  year={2008},
  publisher={Springer}
}
@article{extra_09,
  title={Stream Data Mining.},
  author={Nasereddin, Hebah HO},
  journal={IJWA},
  volume={3},
  number={2},
  pages={90--97},
  year={2011}
}