@inproceedings{DBLP:conf/vldb/AgrawalS94,
  author    = {Rakesh Agrawal and
               Ramakrishnan Srikant},
  title     = {Fast Algorithms for Mining Association Rules in Large Databases},
  booktitle = {VLDB'94, Proceedings of 20th International Conference on Very Large
               Data Bases, September 12-15, 1994, Santiago de Chile, Chile},
  pages     = {487--499},
  year      = {1994},
  crossref  = {DBLP:conf/vldb/94},
  url       = {http://www.vldb.org/conf/1994/P487.PDF},
  timestamp = {Mon, 17 Sep 2012 21:40:00 +0200},
  %biburl    = {http://dblp.uni-trier.de/rec/bib/conf/vldb/AgrawalS94},
  %bibsource = {dblp computer science bibliography, http://dblp.org}
}

@article{DBLP:journals/datamine/HanPYM04,
  author    = {Jiawei Han and
               Jian Pei and
               Yiwen Yin and
               Runying Mao},
  title     = {Mining Frequent Patterns without Candidate Generation: {A} Frequent-Pattern
               Tree Approach},
  journal   = {Data Min. Knowl. Discov.},
  volume    = {8},
  number    = {1},
  pages     = {53--87},
  year      = {2004},
  %url       = {http://dx.doi.org/10.1023/B:DAMI.0000005258.31418.83},
  %doi       = {10.1023/B:DAMI.0000005258.31418.83},
  %timestamp = {Wed, 04 Feb 2004 12:42:49 +0100},
  %biburl    = {http://dblp.uni-trier.de/rec/bib/journals/datamine/HanPYM04},
  %bibsource = {dblp computer science bibliography, http://dblp.org}
}

@article{DBLP:journals/tkde/ZhaoYN14,
  author    = {Zhou Zhao and
               Da Yan and
               Wilfred Ng},
  title     = {Mining Probabilistically Frequent Sequential Patterns in Large Uncertain
               Databases},
  journal   = {{IEEE} Trans. Knowl. Data Eng.},
  volume    = {26},
  number    = {5},
  pages     = {1171--1184},
  year      = {2014},
  %url       = {http://dx.doi.org/10.1109/TKDE.2013.124},
  %doi       = {10.1109/TKDE.2013.124},
  %timestamp = {Wed, 09 Sep 2015 09:50:37 +0200},
  %biburl    = {http://dblp.uni-trier.de/rec/bib/journals/tkde/ZhaoYN14},
  %bibsource = {dblp computer science bibliography, http://dblp.org}
}

@inproceedings{DBLP:conf/kdd/AggarwalLWW09,
  author    = {Charu C. Aggarwal and
               Yan Li and
               Jianyong Wang and
               Jing Wang},
  title     = {Frequent pattern mining with uncertain data},
  booktitle = {Proceedings of the 15th {ACM} {SIGKDD} International Conference on
               Knowledge Discovery and Data Mining, Paris, France, June 28 - July
               1, 2009},
  pages     = {29--38},
  year      = {2009},
  crossref  = {DBLP:conf/kdd/2009},
  %url       = {http://doi.acm.org/10.1145/1557019.1557030},
  %doi       = {10.1145/1557019.1557030},
  %timestamp = {Tue, 18 Aug 2009 21:58:39 +0200},
  %biburl    = {http://dblp.uni-trier.de/rec/bib/conf/kdd/AggarwalLWW09},
  %bibsource = {dblp computer science bibliography, http://dblp.org}
}

@inproceedings{DBLP:conf/pakdd/LeungT13,
  author    = {Carson Kai{-}Sang Leung and
               Syed Khairuzzaman Tanbeer},
  title     = {PUF-Tree: {A} Compact Tree Structure for Frequent Pattern Mining of
               Uncertain Data},
  booktitle = {Advances in Knowledge Discovery and Data Mining, 17th Pacific-Asia
               Conference, {PAKDD} 2013, Gold Coast, Australia, April 14-17, 2013,
               Proceedings, Part {I}},
  pages     = {13--25},
  year      = {2013},
  crossref  = {DBLP:conf/pakdd/2013-1},
  %url       = {http://dx.doi.org/10.1007/978-3-642-37453-1_2},
  %doi       = {10.1007/978-3-642-37453-1_2},
  %timestamp = {Fri, 03 May 2013 20:58:00 +0200},
  %biburl    = {http://dblp.uni-trier.de/rec/bib/conf/pakdd/LeungT13},
  %bibsource = {dblp computer science bibliography, http://dblp.org}
}

@inproceedings{DBLP:conf/dasfaa/LeungT12,
  author    = {Carson Kai{-}Sang Leung and
               Syed Khairuzzaman Tanbeer},
  title     = {Fast Tree-Based Mining of Frequent Itemsets from Uncertain Data},
  booktitle = {Database Systems for Advanced Applications - 17th International Conference,
               {DASFAA} 2012, Busan, South Korea, April 15-19, 2012, Proceedings,
               Part {I}},
  pages     = {272--287},
  year      = {2012},
  crossref  = {DBLP:conf/dasfaa/2012-1},
  %url       = {http://dx.doi.org/10.1007/978-3-642-29038-1_21},
  %doi       = {10.1007/978-3-642-29038-1_21},
  %timestamp = {Mon, 16 Apr 2012 15:49:45 +0200},
  %biburl    = {http://dblp.uni-trier.de/rec/bib/conf/dasfaa/LeungT12},
  %bibsource = {dblp computer science bibliography, http://dblp.org}
}

@inproceedings{DBLP:conf/icdm/LeungK06,
  author    = {Carson Kai{-}Sang Leung and
               Quamrul I. Khan},
  title     = {DSTree: {A} Tree Structure for the Mining of Frequent Sets from Data
               Streams},
  booktitle = {Proceedings of the 6th {IEEE} International Conference on Data Mining
               {(ICDM} 2006), 18-22 December 2006, Hong Kong, China},
  pages     = {928--932},
  year      = {2006},
  crossref  = {DBLP:conf/icdm/2006},
  %url       = {http://dx.doi.org/10.1109/ICDM.2006.62},
  %doi       = {10.1109/ICDM.2006.62},
  %timestamp = {Wed, 17 Sep 2014 19:35:17 +0200},
  %biburl    = {http://dblp.uni-trier.de/rec/bib/conf/icdm/LeungK06},
  %bibsource = {dblp computer science bibliography, http://dblp.org}
}

@article{DBLP:journals/vldb/CormodeH10,
  author    = {Graham Cormode and
               Marios Hadjieleftheriou},
  title     = {Methods for finding frequent items in data streams},
  journal   = {{VLDB} J.},
  volume    = {19},
  number    = {1},
  pages     = {3--20},
  year      = {2010},
  %url       = {http://dx.doi.org/10.1007/s00778-009-0172-z},
  %doi       = {10.1007/s00778-009-0172-z},
  %timestamp = {Tue, 02 Mar 2010 14:13:02 +0100},
  %biburl    = {http://dblp.uni-trier.de/rec/bib/journals/vldb/CormodeH10},
  %bibsource = {dblp computer science bibliography, http://dblp.org}
}

@inproceedings{DBLP:conf/icde/LeungH09,
  author    = {Carson Kai{-}Sang Leung and
               Boyu Hao},
  title     = {Mining of Frequent Itemsets from Streams of Uncertain Data},
  booktitle = {Proceedings of the 25th International Conference on Data Engineering,
               {ICDE} 2009, March 29 2009 - April 2 2009, Shanghai, China},
  pages     = {1663--1670},
  year      = {2009},
  crossref  = {DBLP:conf/icde/2009},
  %url       = {http://dx.doi.org/10.1109/ICDE.2009.157},
  %doi       = {10.1109/ICDE.2009.157},
  %timestamp = {Mon, 25 Apr 2016 16:57:48 +0200},
  %biburl    = {http://dblp.uni-trier.de/rec/bib/conf/icde/LeungH09},
  %bibsource = {dblp computer science bibliography, http://dblp.org}
}

@inproceedings{DBLP:conf/kdd/GadeWK04,
  author    = {Krishna Gade and
               Jianyong Wang and
               George Karypis},
  title     = {Efficient closed pattern mining in the presence of tough block constraints},
  booktitle = {Proceedings of the Tenth {ACM} {SIGKDD} International Conference on
               Knowledge Discovery and Data Mining, Seattle, Washington, USA, August
               22-25, 2004},
  pages     = {138--147},
  year      = {2004},
  crossref  = {DBLP:conf/kdd/2004},
  %url       = {http://doi.acm.org/10.1145/1014052.1014070},
  %doi       = {10.1145/1014052.1014070},
  %timestamp = {Mon, 13 Feb 2006 15:34:20 +0100},
  %biburl    = {http://dblp.uni-trier.de/rec/bib/conf/kdd/GadeWK04},
  %bibsource = {dblp computer science bibliography, http://dblp.org}
}

@misc{dataset,
  author = {FIMI},
  title = {{Frequent itemset mining dataset repository}},
  howpublished = "\url{http://fimi.ua.ac.be/data/}",
  year = {2015}, 
  note = "[Online; accessed 01-Decembar-2015]"
}